@book{ponce1989engineering,
	title={Engineering hydrology: Principles and practices},
	author={Ponce, Victor Miguel},
	volume={640},
	year={1989},
	publisher={Prentice Hall Englewood Cliffs, NJ}
}

@book{black2009books,
	title={Books, buildings and social engineering: Early public libraries in Britain from past to present},
	author={Black, Alistair and Pepper, Simon and Bagshaw, Kaye},
	year={2009},
	publisher={Ashgate Publishing, Ltd.}
}

@book{chollet2017deep,
	title={Deep Learning with Python},
	author={Chollet, F.},
	isbn={9781617294433},
	lccn={2018286242},
	url={https://books.google.hu/books?id=Yo3CAQAACAAJ},
	year={2017},
	publisher={Manning Publications Company}
}

@article{fayyad1996data,
	title={From data mining to knowledge discovery in databases},
	author={Fayyad, Usama and Piatetsky-Shapiro, Gregory and Smyth, Padhraic},
	journal={AI magazine},
	volume={17},
	number={3},
	pages={37--37},
	year={1996}
}

@article{cleveland2001data,
	title={Data science: an action plan for expanding the technical areas of the field of statistics},
	author={Cleveland, William S},
	journal={International statistical review},
	volume={69},
	number={1},
	pages={21--26},
	year={2001},
	publisher={Wiley Online Library}
}

@misc{division_2000, title={Food and agriculture data}, url={http://www.fao.org/faostat/en/}, journal={FAOSTAT}, author={Division, Statistics}, year={2000}} 

@misc{adeyemo_2020, title={k-plasma - Overview}, url={https://github.com/k-plasma}, author={Adeyemo, Deji}, year={2020}} 

@article{murphy2006naive,
	title={Naive bayes classifiers},
	author={Murphy, Kevin P and others},
	journal={University of British Columbia},
	volume={18},
	pages={60},
	year={2006}
}

@article{zeger1988regression,
	title={A regression model for time series of counts},
	author={Zeger, Scott L},
	journal={Biometrika},
	volume={75},
	number={4},
	pages={621--629},
	year={1988},
	publisher={Oxford University Press}
}

@article{learned2014introduction,
	title={Introduction to supervised learning},
	author={Learned-Miller, Erik G},
	journal={I: Department of Computer Science, University of Massachusetts},
	year={2014}
}

@book{jain1999recurrent,
	title={Recurrent neural networks: design and applications},
	author={Jain, Lakhmi C and Medsker, Larry R},
	year={1999},
	publisher={CRC Press, Inc.}
}

@article{krose1993introduction,
	title={An introduction to neural networks},
	author={Kr{\"o}se, Ben and Krose, Ben and van der Smagt, Patrick and Smagt, Patrick},
	year={1993},
	publisher={Citeseer}
}